3159 4867
396 244 446 297 ur.
472 243 522 298 ou
541 242 690 311 animia
708 246 750 298 us
768 218 1129 316 ptt1iaenaa'uup'io.‡
1157 309 1161 317 ,
1223 321 1230 332 ⁸
1249 199 1358 326 '’101‘

162 426 315 503 scentulo‚
338 447 432 510 quem
447 425 581 502 amabat,
603 424 767 488 tradidisse
791 424 932 509 gladium
948 424 1068 492 dicitur.
1108 424 1169 490 Hic
1179 448 1254 491 oum
1270 426 1340 511 qui-

35 535 40 545 ’
164 524 238 588 dam
260 523 422 587 familiaris
444 523 551 587 iocans
575 523 716 588 dixisset:
749 521 850 601 „Huic
877 523 1001 608 quidem
1026 525 1109 587 certe
1131 523 1229 588 vitam
1252 527 1340 588 tuam

164 621 390 699 committisi‘‚
421 621 640 706 adrisissetque
668 621 863 699 adulescens,
890 623 1058 706 utrumque
1085 621 1176 685 iussit
1197 621 1340 700 interfici,

162 720 307 796 alterum,
330 719 405 804 quia
418 719 501 782 viam
518 718 796 783 demonstravisset
809 719 1010 783 interimendi
1025 719 1081 798 sui,
1101 719 1243 797 alterum,
1266 720 1340 805 quia

126 822 145 873 5
163 818 283 882 dictim
305 817 339 881 id
361 816 427 880 risu
442 816 685 900 approbavisset.
720 816 826 901 Atque
842 838 879 881 eo
902 815 986 881 facto
1010 817 1054 882 sic
1077 816 1186 894 doluit,
1208 817 1289 881 nibil
1304 821 1341 880 ut

162 915 274 980 tulerit
295 916 421 1001 gravius
443 915 477 978 in
500 914 579 979 vita:
602 937 696 1000 quem
711 913 797 979 enim
812 914 1015 979 vehementer
1029 917 1158 993 amarat,
1174 915 1338 983 occiderat.

162 1013 215 1078 Sic
238 1012 458 1077 distrahuntur
479 1013 514 1076 in
537 1013 710 1077 contrarias
732 1016 837 1097 partes
859 1012 1117 1097 impotentium1⁰
1141 1013 1340 1097 cupiditates:

163 1133 235 1176 cum
258 1111 367 1176 huicll
390 1112 557 1176 obsecutus
579 1111 630 1188 sis,
652 1110 701 1174 illi
724 1113 772 1174 est
794 1110 1043 1196 repugnandum.

254 1246 305 1311 61.
330 1244 527 1331 Quamquam
536 1245 589 1310 hic
600 1245 727 1330 quidem
741 1247 896 1329 tyrannus
908 1243 973 1328 ipse
985 1244 1142 1324 iudicavit,
1155 1268 1249 1330 quam
1260 1248 1341 1310 esset

122 1345 154 1397 10
163 1344 282 1408 beatus.
321 1341 406 1408 Nam
421 1365 492 1408 cum
508 1342 636 1428 quidam
652 1365 689 1407 ex
705 1343 770 1407 eius
786 1342 1048 1420 adsentatoribua
1064 1342 1238 1422 Dambcles
1254 1367 1340 1409 com·

164 1443 353 1506 memoraret
367 1441 402 1504 in
417 1462 560 1505 sermone
576 1439 716 1524 copias¹²
733 1441 808 1518 cius,
831 1462 914 1523 opes,
937 1440 1133 1505 maiestatem
1153 1440 1340 1518 dominatus,

163 1561 267 1602 rerum
284 1538 520 1617 abundantiam,
540 1537 809 1623 magnificentiam
829 1537 951 1602 aedium
966 1537 1126 1622 regiarum
1145 1543 1339 1624 negaretque

163 1658 313 1720 umquam
340 1635 513 1701 beatiorem
543 1658 732 1721 quemquam
760 1635 868 1700 trisse:
903 1634 1018 1712 „Visne
1047 1635 1155 1720 igitur,
1184 1636 1340 1722 inquito

163 1733 358 1810 Damocle¹⁸,
382 1733 531 1819 quoniam
553 1736 585 1797 te
601 1733 680 1798 haec
693 1733 759 1798 vita
775 1734 919 1812 delectat,
942 1734 1009 1818 ipse
1025 1734 1156 1798 eandem
1173 1734 1340 1820 degustare

124 1833 153 1885 15
163 1835 195 1896 et
217 1831 380 1896 fortunam
395 1832 529 1915 experiri
551 1835 692 1895 meam?“
735 1829 815 1895 (lum
838 1853 871 1895 se
890 1831 944 1895 ille
960 1853 1073 1915 cupere
1089 1831 1225 1910 dixisset,
1242 1833 1340 1898 collo-

163 1929 227 1993 cari
253 1928 344 1993 iussit
366 1929 527 1993 hominem
549 1929 581 1993 in
606 1951 700 1993 aureo
724 1930 807 1993 lecto
837 1929 973 1992 strato¹⁴
997 1929 1208 2011 pulcherrimo
1237 1929 1341 1994 textili

162 2025 343 2111 stragu101⁵
357 2025 533 2112 magnificis
549 2026 695 2110 operibus
713 2026 808 2111 picta
832 2027 1009 2110 abicosque
1025 2027 1200 2110 complures
1216 2027 1341 2091 ornavit

164 2127 297 2210 argento
322 2145 460 2208 auroque
476 2124 605 2189 caelato.
643 2123 726 2187 Tum
741 2124 781 2188 ad
804 2146 944 2188 mensam
967 2123 1081 2189 eximia
1102 2123 1205 2188 forma
1227 2147 1340 2209 pueros

162 2221 302 2286 delectos
323 2221 413 2284 iussit
436 2221 605 2286 consistere
629 2244 744 2307 eosque
766 2223 880 2285 nutum
894 2221 979 2285 illius
994 2222 1155 2287 intuentes
1171 2222 1341 2309 diligenter

123 2329 152 2381 20
160 2319 349 2382 ministrare.
382 2319 433 2382 62.
449 2317 593 2383 Aderant
607 2322 780 2404 unguenta,
797 2341 939 2398 coronae,
955 2319 1204 2385 incendebantur
1219 2321 1339 2399 odores,

161 2438 288 2480 mensae
312 2416 616 2500 conquisitissimis1⁰
640 2416 739 2501 epulis
762 2416 1011 2481 exstruebantur.
1057 2417 1251 2483 Fortunatus
1280 2421 1340 2484 sibi

161 2514 329 2579 Damocles
352 2514 524 2578 videbatur.
562 2513 602 2578 In
625 2515 687 2579 hoc
709 2514 812 2578 medio
836 2517 990 2598 apparatu
1003 2514 1181 2598 fulgentem
1197 2517 1339 2600 gladium

162 2634 178 2675 e
201 2610 378 2690 lacunari¹⁷
402 2617 489 2675 saeta
518 2611 634 2696 equina
663 2614 772 2694 aptum
803 2611 926 2674 demitti
954 2611 1052 2689 iussit,
1081 2614 1118 2675 ut
1144 2612 1340 2696 impenderet

161 2709 246 2773 illius
269 2707 354 2773 beati
377 2708 556 2775 cervicibus.
601 2708 713 2792 ltaque
742 2730 802 2772 nec
830 2707 979 2792 pulchros
1010 2708 1082 2773 illos
1111 2709 1339 2775 ministratores

120 2818 152 2871 25
163 2806 357 2890 adspiciebat
371 2828 431 2871 nec
445 2806 575 2890 plenum
591 2806 666 2870 artis
682 2809 859 2890 argentum,
882 2827 941 2870 nec
963 2829 1091 2870 manum
1106 2806 1291 2892 porrigebat
1305 2807 1339 2871 in

253 3034 280 3076 1⁰
300 3036 480 3111 impotens
508 3035 592 3107 einert
620 3035 664 3097 ter
691 3035 737 3114 tid)
759 3035 833 3113 lelblt
853 3036 920 3113 uicbt
940 3036 1114 3114 teterrimus,
1141 3039 1232 3116 qiqelu
1257 3037 1339 3112 tuum

162 3117 197 3177 cf.
212 3117 362 3191 impotens
382 3117 553 3188 dominatio,
576 3117 617 3177 eiu
636 3116 786 3194 giiqettotess'
809 3115 838 3176 te
851 3116 974 3193 potitust
995 3116 1140 3194 titeqimeut.
1157 3152 1192 3160 -
1217 3117 1240 3157 ¹¹
1257 3119 1340 3177 huic

161 3195 215 3257 unt
244 3197 315 3269 illi,
345 3216 385 3257 sc.
414 3197 579 3272 cupiditati.
620 3195 687 3260 iius
719 3215 797 3256 cum
827 3195 858 3256 it
886 3196 991 3262 iteratio
1019 3198 1085 3276 (cllo
1113 3199 1254 3273 temporat)
1284 3196 1338 3258 unt

160 3276 219 3353 litt
246 3276 400 3353 temperati
426 3275 475 3337 teu
496 3275 564 3346 but.
586 3279 729 3350 eruentem
756 3274 819 3336 oter
843 3275 884 3336 tic
904 3277 942 3336 Π,
966 3278 1041 3354 sing.
1063 3279 1138 3338 coni.
1160 3276 1192 3352 ut
1212 3278 1272 3354 ltott
1292 3277 1339 3338 tes

160 3355 230 3426 but.
252 3355 414 3433 stuparum,
435 3373 482 3417 um
503 3355 544 3416 ue
557 3355 782 3432 lluteltimmtbeit
800 3355 846 3416 bes
863 3355 994 3432 &abietis
1016 3359 1120 3433 (mou)
1143 3357 1339 3434 uusqutu'ideu.

161 3435 341 3509 —·1200p.
364 3435 507 3511 blattam,
532 3455 616 3512 opos
644 3435 746 3513 iilodt.
770 3469 805 3478 -
837 3434 862 3476 ¹³
884 3455 900 3496 ο
922 3435 989 3496 mitt
1017 3438 1055 3498 im
1081 3437 1339 3500 deblateratis

160 3515 228 3577 totio
256 3514 423 3593 belqeqetuu,
451 3528 526 3576 utun
554 3516 603 3576 mit
630 3514 675 3576 tet
702 3514 807 3577 liurete
835 3515 889 3576 doc
916 3514 1052 3592 buleutae
1080 3515 1338 3594 (bemttiltmmuuq

161 3596 229 3671 (trist
249 3595 410 3674 initiatores
432 3595 609 3670 ibobtmolleu
629 3595 684 3657 unt
706 3594 842 3672 oerltedter
864 3595 963 3672 &poto
984 3614 1042 3674 qum
1062 3596 1197 3657 ussum
1221 3595 1339 3674 gebracht

160 3674 264 3736 merten
284 3674 341 3754 ῙοΙΙ.
376 3677 544 3736 Damocle
566 3676 620 3737 siue
641 3674 682 3736 uu
703 3675 796 3738 diceto
817 3675 924 3754 btufiqe
938 3676 1022 3752 &orm
1039 3675 1085 3738 tet
1101 3675 1166 3740 aar.
1181 3677 1338 3755 ostrehildis

160 3755 268 3817 {Birta
297 3755 346 3834 out
376 3775 407 3816 es
438 3756 500 3831 uod
532 3755 577 3817 bet
607 3755 703 3816 tritten
732 3755 808 3820 aet.
840 3790 875 3799 —
914 3755 940 3795 1⁴
968 3759 1108 3816 stratus
1137 3755 1272 3818 dtertedt.
1303 3791 1337 3799 -

163 3836 188 3876 ¹⁵
208 3836 326 3912 pulch.
352 3836 480 3895 textili
504 3836 670 3914 stragulo
697 3835 738 3897 bie
757 3835 839 3912 ‘tibiis
858 3835 914 3914 [tob
942 3835 1009 3913 oidpt
1029 3835 1106 3914 hurd)
1128 3839 1159 3896 et
1180 3836 1338 3906 nabuthen,

161 3916 221 3977 nell
241 3919 312 3977 text.
335 3920 426 3993 strag
449 3915 583 3994 qleidptom
605 3915 679 3976 einen
700 3915 808 3994 dieqrttt
828 3914 922 3991 bitom
944 3915 984 3976 bie
1005 3915 1096 3978 tribea
1109 3915 1185 3993 mn.
1207 3916 1263 3995 [tob
1286 3917 1340 3993 ulto

161 3995 227 4073 nicht
254 3994 418 4057 loortiuiett.
460 3994 562 4074 theuto
593 3995 624 4072 iu
651 4015 762 4072 magn.
791 4015 884 4071 oper.
912 3997 1009 4071 picto
1038 3996 1104 4071 abac
1129 3994 1338 4071 blesitchowa

160 4075 267 4151 purtim
292 4075 433 4154 ooqetdqt,
459 4075 519 4136 mil
544 4074 655 4150 tohard)
678 4075 730 4136 tos
752 4075 958 4152 norberqebeute
977 4077 1176 4152 pulcherrimo
1197 4075 1340 4153 tegrinbet

160 4155 237 4217 mitt.
261 4188 295 4198 -
321 4155 347 4194 1⁶
368 4157 500 4231 conquis.
525 4183 558 4207 =
582 4156 711 4229 exquis.;
737 4157 918 4215 exstruet.
941 4155 1049 4218 butten
1070 4155 1241 4234 outqettttmt,
1265 4154 1291 4216 t.
1312 4156 1338 4230 t).

160 4233 384 4392 till-diditi
404 4234 1171 4394 arillitlt?ratittitlittitltdil“li‘
1197 4235 1340 4315 illl

245 4360 253 4389 ‚
642 4363 649 4376 .
1006 4363 1012 4376 .
