3159 4867
512 278 544 334 V.
571 278 649 334 &loct
668 280 717 331 nob
737 277 881 333 deiciant.
909 279 933 331 3.
950 279 975 331 4.
1268 279 1333 342 133

157 461 247 543 putes
279 462 335 523 aut
365 482 451 524 mare
482 460 583 523 ullum
613 461 668 524 aut
696 459 855 523 flammam
885 481 950 522 esse
979 460 1111 536 tantam,
1142 480 1237 542 quam
1266 478 1333 520 non

156 557 277 622 facilius
300 557 342 620 sit
363 557 471 622 sedare
494 580 589 642 quam
612 557 798 622 effrenatam
819 555 988 621 insolentia
1011 555 1272 621 multitudinem.l

246 665 264 746 ξ
280 665 331 731 66.
350 664 433 728 Tum
446 665 484 727 fit
498 665 585 744 illud,
602 663 686 748 quod
701 663 786 748 apud
797 663 965 727 Platonem
976 665 1024 727 est
1036 662 1193 727 luculente
1206 661 1333 739 dictmn,

155 761 182 826 si
196 761 309 826 modo²
323 762 357 826 id
371 762 544 845 exprimere
559 761 670 826 Latine
685 763 833 846 potuero;
848 759 975 825 difficile
989 759 1076 825 factu
1094 762 1150 838 est,
1166 759 1221 824 sed
1237 780 1332 824 oona·

120 859 214 924 tbor
242 862 363 924 tamen:
393 857 483 924 ‘Cum
512 858 613 938 enim',
642 859 754 943 inquit,
782 858 995 942 ‘inexplebiles
1017 858 1128 942 populi
1149 856 1254 922 fauces
1277 877 1331 920 ex-

155 959 307 1022 aruerimt
328 957 484 1022 libertatis
507 957 560 1022 siti
581 957 734 1042 malisque
755 979 831 1021 usus
853 956 907 1021 ille
929 955 1098 1020 ministris³
1120 977 1188 1020 non
1210 954 1331 1019 modice

153 1059 363 1140 temperatam
389 1056 444 1121 sed
470 1056 564 1120 nimis
586 1057 763 1120 meracam⁴
779 1055 966 1120 libertatem
989 1054 1098 1119 sitiens
1120 1053 1234 1131 hausit,
1262 1055 1331 1116 tum

153 1153 358 1238 magistratus
381 1157 414 1218 et
434 1155 600 1239 principes,
622 1153 685 1218 nisi
698 1153 791 1218 valde
813 1154 900 1217 lenes
923 1154 956 1218 et
978 1152 1099 1217 remissi
1117 1152 1182 1215 sint
1195 1153 1228 1216 et
1243 1151 1331 1234 large

153 1251 213 1316 sibi
235 1252 415 1317 libertatem
436 1252 626 1331 ministrent,
653 1252 838 1336 insequitur,
865 1251 1036 1330 insimulat,
1059 1249 1173 1334 argunt,
1196 1269 1330 1334 praepo-

113 1352 266 1428 10tentes,
285 1372 385 1435 reges,
400 1351 553 1434 tyrannos
568 1348 676 1416 vocat'.
715 1351 766 1415 67.
784 1349 873 1434 Ergo
889 1348 945 1413 illa
961 1348 1166 1432 sequuntur⁵t
1189 1351 1260 1424 ‘eos,
1276 1345 1331 1430 qui

153 1450 287 1532 pareant
315 1448 517 1532 principibus,
548 1448 662 1533 agitari
687 1448 726 1512 ab
750 1469 787 1512 eo
810 1447 929 1531 populo
953 1449 986 1510 et
1008 1467 1113 1510 servos
1135 1443 1330 1509 voluntarios

154 1544 329 1629 appellari';
360 1550 423 1610 ‘eos
454 1547 590 1623 autem⁶,
622 1546 676 1630 qui
705 1546 740 1609 in
770 1545 960 1630 magistratu
989 1543 1184 1628 privatorum
1215 1541 1331 1606 similes
1433 1537 1436 1544 ’

153 1665 220 1708 esse
242 1643 350 1721 velint,
374 1665 489 1728 eosque
510 1644 659 1728 plivatos,
682 1644 737 1728 qui
756 1643 904 1721 efficiant,
927 1664 968 1706 ne
984 1641 1060 1727 quid
1074 1641 1159 1705 inter
1173 1639 1331 1725 privatum

153 1744 187 1804 et
207 1741 430 1826 magistratum
453 1741 586 1819 differat,
607 1741 717 1805 ferunt
738 1742 883 1806 laudibus
906 1744 939 1805 et
961 1741 1123 1805 mactantl
1148 1737 1329 1814 honeribus,

113 1848 143 1900 15
151 1840 189 1901 ut
210 1860 338 1903 necesse
360 1838 458 1903 sitin
481 1839 546 1904 eius
568 1839 654 1903 modi
676 1862 710 1904 re
732 1839 860 1924 publica
881 1839 977 1922 plena
999 1836 1153 1901 libertatis
1176 1857 1242 1900 esse
1262 1856 1330 1899 om-

152 1936 215 2014 nia,
237 1940 275 2000 ut
296 1939 330 2001 et
351 1937 476 2020 privata
498 1937 609 2001 domus
632 1937 734 2001 omnis
753 1939 845 2002 vacet
859 1934 1074 2030 (luminatione
1090 1937 1123 1998 et
1136 1933 1198 1998 hoc
1212 1933 1331 1997 malum

152 2057 252 2119 usque
272 2034 313 2098 ad
331 2035 447 2099 bestias
468 2035 640 2119 perveniat,
663 2035 798 2120 denique
818 2038 855 2099 ut
873 2036 965 2120 pater
979 2032 1080 2097 filium
1094 2033 1223 2110 metuat,
1246 2031 1329 2094 filius

151 2134 276 2216 patrem
297 2132 458 2217 neglegat,
488 2133 571 2197 absit
597 2132 700 2197 omnis
721 2133 833 2218 pudor,
856 2134 893 2197 ut
914 2131 1008 2217 plane
1032 2129 1124 2196 liberi
1146 2128 1219 2208 sint,
1248 2129 1330 2194 nihil

151 2229 285 2306 intersit,
316 2229 390 2294 civis
420 2230 462 2294 sit
491 2253 532 2294 an
560 2231 755 2316 peregrinus,
784 2231 937 2316 magister
958 2232 996 2293 ut
1017 2226 1186 2313 discipulos
1208 2230 1330 2293 metuat

110 2331 185 2391 uec
213 2327 252 2390 iis
281 2327 464 2392 blandiatur
491 2331 705 2414 spernantque
735 2329 879 2414 discipuli
907 2329 1085 2414 magistros,
1116 2327 1330 2391 adulescentes

152 2427 189 2488 ut
211 2446 322 2489 senum
344 2425 404 2489 sibi
425 2425 548 2510 pondus
572 2426 764 2505 adsumant⁸,
787 2449 877 2492 senes
901 2429 1007 2491 autem
1030 2425 1070 2490 ad
1092 2425 1201 2489 ludum
1221 2423 1329 2488 adule-

60 2531 64 2542 '
152 2522 308 2588 scentium
337 2522 537 2601 descendant,
567 2545 609 2588 ne
638 2524 703 2588 sint
731 2524 769 2588 iis
800 2523 900 2587 odiosi
923 2526 955 2588 et
979 2544 1106 2609 graves3
1136 2543 1175 2585 ex
1198 2543 1260 2606 quo
1283 2521 1328 2598 fit,

152 2622 189 2684 ut
217 2620 313 2685 etiam
343 2620 479 2685 serviae
503 2620 632 2685 liberius
656 2624 778 2706 gerant,
807 2642 920 2685 uxores
946 2619 1057 2686 eodem
1079 2619 1146 2683 iure
1170 2618 1242 2696 sint,
1266 2639 1328 2701 quo

152 2717 219 2796 viri,
248 2718 345 2803 inque
372 2720 464 2782 tanta
493 2718 639 2783 libertate
669 2741 762 2784 canes
792 2719 888 2782 etiam
917 2721 950 2783 et
972 2717 1053 2803 equi,
1083 2717 1172 2782 aselli
1194 2715 1329 2799 denique

111 2829 144 2883 25
152 2815 243 2880 liberi
266 2816 311 2880 sic
331 2817 503 2894 incurrant,
525 2818 563 2879 ut
584 2816 622 2880 iis
645 2816 684 2882 de
706 2817 758 2880 via
780 2816 993 2882 decedendum
1015 2815 1065 2882 sit.
1111 2814 1197 2900 Ergo
1216 2836 1255 2878 ex
1268 2812 1330 2878 hac

151 2912 292 2992 infinita',
314 2913 428 2998 inquit,
452 2913 590 2979 ‘licentia
611 2915 690 2980 haec
712 2936 834 2979 summa
857 2914 990 3000 cogitur,
1016 2917 1054 2977 ut
1080 2913 1126 2977 ita
1148 2911 1327 2976 fastidiosae

151 3010 345 3095 mollesque⁹
367 3013 489 3075 mentes
512 3011 648 3077 evadant
670 3012 793 3090 civium,
816 3016 860 3091 ut,
884 3013 910 3077 si
932 3011 1063 3077 minima
1080 3011 1127 3076 vis
1143 3010 1329 3076 adhibeatur

151 3107 281 3192 imperii,
310 3108 486 3174 irascantur
515 3111 549 3173 et
577 3110 716 3194 perferre
738 3112 913 3195 nequeant3
944 3132 982 3174 ex
1005 3131 1067 3193 quo
1091 3109 1179 3194 leges
1202 3131 1327 3193 quoque

151 3205 307 3290 incipiunt
328 3206 507 3291 neglegere,
530 3209 567 3270 ut
588 3207 684 3290 plane
706 3207 774 3272 sine
797 3207 862 3271 ullo
886 3207 1014 3272 domino
1038 3205 1118 3273 sint’.

111 3327 144 3379 30
240 3314 325 3395 568.
344 3312 451 3397 Atque
466 3334 505 3377 ex
520 3311 581 3377 hac
595 3313 693 3378 nimia
706 3313 843 3392 licentia,
859 3335 953 3397 quam
967 3313 1016 3376 illi
1031 3313 1131 3377 solam
1147 3313 1326 3377 libertatem
1421 3333 1424 3340 ’

150 3412 274 3493 putant,
304 3410 350 3474 ait
377 3410 431 3480 ille
462 3414 499 3474 ut
528 3432 567 3474 ex
596 3410 694 3495 stirpe
724 3411 860 3496 quadam
889 3410 1037 3476 exsistere
1067 3412 1100 3474 et
1129 3410 1218 3494 quasi
1239 3409 1326 3474 nasci

149 3510 329 3591 tyrannum
366 3500 450 3572 Nam
473 3510 510 3573 ut
532 3531 571 3572 ex
592 3507 690 3573 nimia
711 3509 857 3594 potentia
871 3509 1049 3594 principum
1065 3507 1165 3572 oritur
1179 3506 1327 3571 interitus

149 3650 362 3661 -——-—-.-

241 3720 251 3759 ¹
274 3721 351 3781 effr.
366 3721 385 3782 i.
399 3740 455 3791 m.;
477 3719 704 3796 cf.ineqi11ue
722 3719 866 3794 ‚,o10oe‘⁴:
888 3718 993 3796 ‘debota
1016 3719 1061 3780 ber
1081 3719 1247 3798 §erectione
1258 3766 1264 3778 .
1276 3768 1283 3781 .
1295 3722 1326 3782 .!.

152 3833 187 3844 —
204 3800 218 3840 2
234 3801 263 3859 si
277 3801 379 3860 modo
394 3801 431 3860 cf.
447 3799 556 3878 lltldso.
569 3803 597 3871 3,
610 3800 645 3862 u.
656 3803 703 3863 10.
717 3835 758 3844 —
779 3801 793 3840 ⁸
807 3801 959 3861 ministr.
970 3801 1052 3861 admi.
1062 3801 1125 3859 vini
1135 3820 1157 3861 s.
1168 3801 1325 3861 libertatis'

149 3913 189 3922 -
210 3881 223 3919 ⁴
244 3895 405 3940 metecus
425 3880 520 3950 lomet,
545 3880 725 3958 concredat,
749 3891 810 3958 pur.
832 3914 868 3924 -
891 3881 904 3921 ⁵
925 3881 1018 3958 Ergo
1039 3881 1106 3939 illa
1127 3900 1222 3956 sequ.
1248 3879 1326 3956 ‚filiun

150 3958 220 4038 belsst
245 3966 274 4020 ea
299 3960 403 4021 ueitet'.
432 3995 466 4004 —
498 3960 512 4000 ⁶
539 3979 598 4020 eos
626 3967 745 4020 autem
771 3965 835 4020 etc·
856 3959 977 4023 benetie
998 3958 1046 4020 beo
1073 3960 1216 4038 pitiliano
1243 3959 1327 4021 toea

150 4056 222 4116 gaug
243 4055 289 4117 qur
310 4059 351 4102 cr.
372 4044 462 4101 recta
486 4073 520 4084 -
544 4039 555 4079 ⁷
578 4044 735 4101 mactare
756 4039 949 4117 cerbetrlitbeo,
969 4039 1086 4115 becbuc,
1113 4039 1264 4117 tridentes.
1289 4079 1325 4088 -

150 4120 164 4159 ⁸
185 4139 308 4180 senum
329 4120 399 4180 sibi
419 4121 560 4195 pondus
582 4121 769 4180 adsumere
789 4119 836 4197 liu
858 4119 910 4181 bct
930 4119 1056 4196 blemtdp,
1076 4118 1129 4180 tos
1143 4119 1262 4197 tlnleteo
1281 4119 1327 4181 ter

149 4198 228 4260 tllteu
249 4198 390 4276 cumcito,
410 4198 436 4260 b.
450 4199 476 4274 b.
499 4199 552 4276 ‘litt
574 4199 654 4276 lonlei
674 4199 882 4276 bacuanebouc
897 4202 941 4261 ola
956 4200 996 4261 bie
1011 4200 1053 4261 u:
1070 4233 1105 4244 -·
1128 4199 1325 4260 9fastidio-

151 4298 211 4340 sus
238 4279 594 4356 oerubbnt,empliut1ld);
620 4281 742 4340 mollis
767 4279 883 4357 relatur,
911 4281 947 4340 cf.
973 4279 1038 4341 tter
1063 4279 1103 4341 bie
1125 4277 1325 4344 &ruobbebeut

153 4369 204 4420 oon
224 4359 324 4419 mollis
344 4358 621 4437 tlbltbu.68,t1.l;
643 4359 741 4422 cubeta
761 4359 871 4438 tlbldn.
889 4362 955 4432 128,
975 4360 1009 4422 u.
1025 4363 1051 4423 6.
